[gd_scene load_steps=11 format=2]

[ext_resource path="res://Win.gd" type="Script" id=1]
[ext_resource path="res://rooms/kitchen/Kitchen.tscn" type="PackedScene" id=2]
[ext_resource path="res://doggo/Dog.tscn" type="PackedScene" id=3]
[ext_resource path="res://items/item.tscn" type="PackedScene" id=4]
[ext_resource path="res://shaders/vignette.tscn" type="PackedScene" id=5]
[ext_resource path="res://shaders/whirl.tscn" type="PackedScene" id=6]
[ext_resource path="res://assets/fonts/FreeMonoBold.ttf" type="DynamicFontData" id=7]
[ext_resource path="res://play/doggo_fanfare.ogg" type="AudioStream" id=8]

[sub_resource type="Animation" id=1]

resource_name = "whirl"
length = 2.0
loop = true
tracks/0/type = "value"
tracks/0/path = NodePath(".:material:shader_param/rotation")
tracks/0/interp = 1
tracks/0/loop_wrap = true
tracks/0/imported = false
tracks/0/enabled = true
tracks/0/keys = {
"times": PoolRealArray( 0, 0.5, 1.5, 2 ),
"transitions": PoolRealArray( 1, 1, 1, 1 ),
"update": 0,
"values": [ 0.0, 0.5, -0.5, 0.0 ]
}

[sub_resource type="DynamicFont" id=2]

size = 120
outline_size = 3
outline_color = Color( 0.717647, 0.470588, 0.0823529, 1 )
font_data = ExtResource( 7 )

[node name="Win" type="Node2D"]
script = ExtResource( 1 )

[node name="Kitchen" parent="." instance=ExtResource( 2 )]
position = Vector2( -216.21, 361.656 )
scale = Vector2( 4, 4 )

[node name="Dog" parent="." instance=ExtResource( 3 )]
position = Vector2( 602.827, 284.989 )
scale = Vector2( 8, 8 )

[node name="Item" parent="." instance=ExtResource( 4 )]
position = Vector2( 156.482, 243.606 )
scale = Vector2( 4, 4 )

[node name="Item2" parent="." instance=ExtResource( 4 )]
position = Vector2( 106.74, 362.685 )
scale = Vector2( 4, 4 )

[node name="Item3" parent="." instance=ExtResource( 4 )]
position = Vector2( 257.474, 346.105 )
scale = Vector2( 4, 4 )

[node name="vignette" parent="." instance=ExtResource( 5 )]
visible = false

[node name="BackBufferCopy" type="BackBufferCopy" parent="."]
copy_mode = 2

[node name="whirl" parent="." instance=ExtResource( 6 )]

[node name="AnimationPlayer2" type="AnimationPlayer" parent="whirl"]
autoplay = "whirl"
anims/whirl = SubResource( 1 )

[node name="Label2" type="Label" parent="."]
margin_left = 41.0341
margin_top = 435.752
margin_right = 1049.03
margin_bottom = 575.752
custom_fonts/font = SubResource( 2 )
text = "Doggo is Win"

[node name="AudioStreamPlayer" type="AudioStreamPlayer" parent="."]
stream = ExtResource( 8 )
autoplay = true

[node name="Timer" type="Timer" parent="."]
one_shot = true

[connection signal="finished" from="AudioStreamPlayer" to="." method="_on_fanfare_finished"]
[connection signal="timeout" from="Timer" to="." method="_on_should_change_scene"]
