[gd_scene load_steps=8 format=2]

[ext_resource path="res://hud/HUD.gd" type="Script" id=1]
[ext_resource path="res://hud/player-info/PlayerInfo.tscn" type="PackedScene" id=2]
[ext_resource path="res://hud/Clock.tscn" type="PackedScene" id=3]
[ext_resource path="res://assets/fonts/Knewave-Regular.ttf" type="DynamicFontData" id=4]
[ext_resource path="res://hud/player-info/ball.png" type="Texture" id=5]

[sub_resource type="DynamicFont" id=1]

size = 64
use_mipmaps = true
use_filter = true
font_data = ExtResource( 4 )

[sub_resource type="DynamicFont" id=2]

size = 32
use_mipmaps = true
use_filter = true
font_data = ExtResource( 4 )

[node name="HUD" type="CanvasLayer"]
script = ExtResource( 1 )

[node name="PlayerContainer" type="Container" parent="."]
anchor_right = 1.0
anchor_bottom = 1.0

[node name="Player1" parent="PlayerContainer" instance=ExtResource( 2 )]

[node name="Player2" parent="PlayerContainer" instance=ExtResource( 2 )]
anchor_left = 1.0
anchor_bottom = 0.0
margin_left = -128.0
margin_right = 0.0
margin_bottom = 132.0

[node name="Player3" parent="PlayerContainer" instance=ExtResource( 2 )]
anchor_top = 1.0
anchor_right = 0.0
margin_top = -182.0
margin_right = 128.0
margin_bottom = -50.0

[node name="Player4" parent="PlayerContainer" instance=ExtResource( 2 )]
anchor_left = 1.0
anchor_top = 1.0
margin_left = -128.0
margin_top = -182.0
margin_right = 0.0
margin_bottom = -50.0

[node name="Clock" parent="." instance=ExtResource( 3 )]

[node name="Fade" type="ColorRect" parent="."]
anchor_right = 1.0
anchor_bottom = 1.0
color = Color( 0, 0, 0, 0 )

[node name="PlayerTurnContainer" type="VBoxContainer" parent="Fade"]
anchor_left = 0.5
anchor_top = 0.5
anchor_right = 0.5
anchor_bottom = 0.5
margin_left = -228.0
margin_top = -77.5
margin_right = 228.0
margin_bottom = 77.5
alignment = 1

[node name="TurnLabel" type="Label" parent="Fade/PlayerTurnContainer"]
margin_right = 456.0
margin_bottom = 100.0
custom_fonts/font = SubResource( 1 )
text = "Player 1's turn!"
align = 1
valign = 1

[node name="HBox" type="HBoxContainer" parent="Fade/PlayerTurnContainer"]
margin_top = 104.0
margin_right = 456.0
margin_bottom = 155.0
alignment = 1

[node name="GetLabel" type="Label" parent="Fade/PlayerTurnContainer/HBox"]
margin_left = 176.0
margin_right = 235.0
margin_bottom = 51.0
custom_fonts/font = SubResource( 2 )
text = "Get "

[node name="ItemIcon" type="TextureRect" parent="Fade/PlayerTurnContainer/HBox"]
margin_left = 239.0
margin_right = 279.0
margin_bottom = 51.0
texture = ExtResource( 5 )
stretch_mode = 4

[node name="Tween" type="Tween" parent="Fade/PlayerTurnContainer"]

[node name="Tween" type="Tween" parent="."]

